%% Created using Papers on Thu, 14 May 2020.
%% http://papersapp.com/papers/

@article{Wegmuller:2020bw,
author = {Wegm{\"u}ller, Rita and Bentil, Helena and Wirth, James P and Petry, Nicolai and Tanumihardjo, Sherry A and Allen, Lindsay and Williams, Thomas N and Selenje, Lilian and Mahama, Abraham and Amoaful, Esi and Steiner-Asiedu, Matilda and Adu-Afarwuah, Seth and Rohner, Fabian},
title = {{Anemia, micronutrient deficiencies, malaria, hemoglobinopathies and malnutrition in young children and non-pregnant women in Ghana: Findings from a national survey}},
journal = {PloS one},
year = {2020},
volume = {15},
number = {1},
pages = {e0228258--19},
month = jan
}

@techreport{NationalNutritionAgencyNaNA:2019wv,
author = {{National Nutrition Agency NaNA} and {Gambia Bureau of Statistics} and {GroundWork}},
title = {{Gambia National Micronutrient Survey 2018}},
year = {2019},
address = {Banjul, Gambia}
}

@techreport{UniversityofGhana:2017ub,
author = {{University of Ghana} and {GroundWork} and {University of Wisconsin-Madison} and {KEMRI-Wellcome Trust} and {United Nations Children's Fund}},
title = {{Ghana Micronutrient Survey 2017}},
year = {2017},
address = {Accra, Ghana}
}

@techreport{EthiopiaPublicHealthInstitute:2016vr,
author = {{Ethiopia Public Health Institute}},
title = {{Ethiopian National Micronutrient Survey Report}},
year = {2016},
month = sep
}

@techreport{icddr:2013tx,
author = {icddr, b and {UNICEF Bangladesh} and {Global Alliance for Improved Nutrition} and {Institute of Public Health and Nutrition}},
title = {{National Micronutrients Status Survey 2011-12}},
year = {2013},
address = {Dhaka, Bangladesh},
month = jan
}

@article{Bromage:2016kv,
author = {Bromage, Sabri and Ahmed, Tahmeed and Fawzi, Wafaie W},
title = {{Calcium Deficiency in Bangladesh}},
journal = {Food and nutrition bulletin},
year = {2016},
volume = {37},
number = {4},
pages = {475--493},
month = jul
}



@techreport{Gorstein:2007wn,
author = {Gorstein, J and Sullivan, K M and Parvanta, I and Begin, F},
title = {{Indicators and Methods for Cross-Sectional Surveys of Vitamin and Mineral Status of Populations}},
year = {2007},
address = {Ottawa, Canada and Atlanta, Georgia, USA},
month = may
}

@inproceedings{WorldHealthOrganization:2007tx,
author = {{World Health Organization} and {Centers for Disease Control and Prevention}},
title = {{Assessing iron status of populations: including literature reviews}},
booktitle = {Joint World Health Organization and Centers for Disease Control and Prevention Technical Consultation on the Assessment of Iron Status at the Population Level Geneval, Switzerland},
year = {2007},
pages = {1--112},
publisher = {World Health Organization}
}

@techreport{WorldHealthOrganization:2011ut,
author = {{World Health Organization}},
title = {{Haemoglobin concentrations for the diagnosis of anaemia and assessment of severity}},
institution = {World Health Organization},
year = {2011},
address = {Geneva}
}

@article{Thurnham:2010he,
author = {Thurnham, David I and McCabe, Linda D and Haldar, Sumanto and Wieringa, Frank T and Northrop-Clewes, Christine A and McCabe, George P},
title = {{Adjusting plasma ferritin concentrations to remove the effects of subclinical inflammation in the assessment of iron deficiency: a meta-analysis}},
journal = {The American journal of clinical nutrition},
year = {2010},
volume = {92},
number = {3},
pages = {546--555},
month = jul
}




