%% Created using Papers on Thu, 14 May 2020.
%% http://papersapp.com/papers/

@article{Daru:2017fa,
author = {Daru, Jahnavi and Colman, Katherine and Stanworth, Simon J and De La Salle, Barbara and Wood, Erica M and Pasricha, Sant-Rayn},
title = {{Serum ferritin as an indicator of iron status: what do we need to know?}},
journal = {The American journal of clinical nutrition},
year = {2017},
volume = {106},
number = {Supplement 6},
pages = {1634S--1639S},
month = dec
}

@article{GarciaCasal:2015hy,
author = {Garcia-Casal, Maria N and Pasricha, Sant-Rayn and Martinez, Ricardo X and Lopez-Perez, Lucero and Pe{\~n}a-Rosas, Juan Pablo},
title = {{Serum or plasma ferritin concentration as an index of iron deficiency and overload}},
journal = {Cochrane Database of Systematic Reviews},
year = {2015},
volume = {343},
number = {5},
pages = {327--28},
month = jul
}

@techreport{Gorstein:2007wn,
author = {Gorstein, J and Sullivan, K M and Parvanta, I and Begin, F},
title = {{Indicators and Methods for Cross-Sectional Surveys of Vitamin and Mineral Status of Populations}},
year = {2007},
address = {Ottawa, Canada and Atlanta, Georgia, USA},
month = may
}

@article{Wegmuller:2020bw,
author = {Wegm{\"u}ller, Rita and Bentil, Helena and Wirth, James P and Petry, Nicolai and Tanumihardjo, Sherry A and Allen, Lindsay and Williams, Thomas N and Selenje, Lilian and Mahama, Abraham and Amoaful, Esi and Steiner-Asiedu, Matilda and Adu-Afarwuah, Seth and Rohner, Fabian},
title = {{Anemia, micronutrient deficiencies, malaria, hemoglobinopathies and malnutrition in young children and non-pregnant women in Ghana: Findings from a national survey}},
journal = {PloS one},
year = {2020},
volume = {15},
number = {1},
pages = {e0228258--19},
month = jan
}

@techreport{WorldHealthOrganization:2011ue,
author = {{World Health Organization}},
title = {{Serum ferritin concentrations for the assessment of iron status and iron deficiency in populations}},
year = {2011},
address = {Geneva}
}

@techreport{EthiopiaPublicHealthInstitute:2016vr,
author = {{Ethiopia Public Health Institute}},
title = {{Ethiopian National Micronutrient Survey Report}},
year = {2016},
month = sep
}

@article{WorldHealthOrganization:2013wl,
author = {{World Health Organization}},
title = {{Urinary iodine concentrations for determining iodine status deficiency in populations}},
journal = {Vitamin and Mineral Nutrition Information System},
year = {2013},
pages = {1--5}
}

@techreport{WorldHealthOrganization:2016ta,
author = {{World Health Organization}},
title = {{WHO guideline: Use of multiple micronutrient powders for point-of-use fortification of foods consumed by infants and young children aged 6-23 months and children 2-12 years}},
year = {2016},
address = {Geneva}
}

@techreport{WorldHealthOrganization:2011ut,
author = {{World Health Organization}},
title = {{Haemoglobin concentrations for the diagnosis of anaemia and assessment of severity}},
institution = {World Health Organization},
year = {2011},
address = {Geneva}
}

@techreport{AduAfarwuah:3RqK2LI8,
author = {Adu-Afarwuah, Seth and Rohner, Fabian and Tanumihardjo, Sherry and Steiner-Asiedu, Matilda and Williams, Thomas N and Wirth, James P and Petry, Nicolai and Woodruff, Bradley A},
title = {{Revised survey protocol Ghana Micronutrient Survey 2017 (GMS 2017)}}
}

@inproceedings{WorldHealthOrganization:2007tx,
author = {{World Health Organization} and {Centers for Disease Control and Prevention}},
title = {{Assessing iron status of populations: including literature reviews}},
booktitle = {Joint World Health Organization and Centers for Disease Control and Prevention Technical Consultation on the Assessment of Iron Status at the Population Level Geneval, Switzerland},
year = {2007},
pages = {1--112},
publisher = {World Health Organization}
}

@techreport{UniversityofGhana:2017ub,
author = {{University of Ghana} and {GroundWork} and {University of Wisconsin-Madison} and {KEMRI-Wellcome Trust} and {United Nations Children's Fund}},
title = {{Ghana Micronutrient Survey 2017}},
year = {2017},
address = {Accra, Ghana}
}

@article{Thurnham:2010he,
author = {Thurnham, David I and McCabe, Linda D and Haldar, Sumanto and Wieringa, Frank T and Northrop-Clewes, Christine A and McCabe, George P},
title = {{Adjusting plasma ferritin concentrations to remove the effects of subclinical inflammation in the assessment of iron deficiency: a meta-analysis}},
journal = {The American journal of clinical nutrition},
year = {2010},
volume = {92},
number = {3},
pages = {546--555},
month = jul
}

@techreport{icddr:2013tx,
author = {{icddr,b} and {UNICEF Bangladesh} and {Global Alliance for Improved Nutrition} and {Institute of Public Health and Nutrition}},
title = {{National Micronutrients Status Survey 2011-12}},
year = {2013},
address = {Dhaka, Bangladesh},
month = jan
}

@article{Bromage:2016kv,
author = {Bromage, Sabri and Ahmed, Tahmeed and Fawzi, Wafaie W},
title = {{Calcium Deficiency in Bangladesh}},
journal = {Food and nutrition bulletin},
year = {2016},
volume = {37},
number = {4},
pages = {475--493},
month = jul
}

@techreport{WorldHealthOrganization:2011vc,
author = {{World Health Organization}},
title = {{Guideline: Use of multiple micronutrient powders for home fortification of foods consumed by infants and children 6{\textendash}23 months of age}},
year = {2011}
}

@article{Lietman:2010iu,
author = {Lietman, Steven A and Germain-Lee, Emily L and Levine, Michael A},
title = {{Hypercalcemia in children and adolescents}},
journal = {Current Opinion in Pediatrics},
year = {2010},
volume = {22},
number = {4},
pages = {508--515},
month = aug
}

@techreport{NationalNutritionAgencyNaNA:2019wv,
author = {{National Nutrition Agency NaNA} and {Gambia Bureau of Statistics} and {GroundWork}},
title = {{Gambia National Micronutrient Survey 2018}},
year = {2019},
address = {Banjul, Gambia}
}

@database{cgiar:2020,
author = {CGIAR-Consortium for Spatial Information},
title = {{SRTM 90m DEM Digital Elevation Database}},
url = {http://srtm.csi.cigiar.org}
}
